<record><leader>00000cas a22000007a 4500</leader><controlfield tag="001">15681814</controlfield><controlfield tag="008">870513d19211970iauwr ne      0    0eng d</controlfield><datafield ind1=" " ind2=" " tag="010"><subfield code="a">sn 87058228 </subfield></datafield><datafield ind1=" " ind2=" " tag="040"><subfield code="a">INP</subfield><subfield code="b">eng</subfield><subfield code="c">INP</subfield><subfield code="d">OCLCQ</subfield></datafield><datafield ind1=" " ind2=" " tag="042"><subfield code="a">msc</subfield></datafield><datafield ind1="0" ind2=" " tag="130"><subfield code="a">Wilton advocate (Wilton, Iowa : 1921)</subfield></datafield><datafield ind1="1" ind2="4" tag="245"><subfield code="a">The Wilton advocate.</subfield></datafield><datafield ind1="3" ind2="0" tag="246"><subfield code="a">Advocate review</subfield></datafield><datafield ind1=" " ind2=" " tag="260"><subfield code="a">Wilton Junction, Muscatine County, Iowa :</subfield><subfield code="b">C.F. Kenney,</subfield><subfield code="c">1921-1970.</subfield></datafield><datafield ind1=" " ind2=" " tag="300"><subfield code="a">49 v.</subfield></datafield><datafield ind1=" " ind2=" " tag="310"><subfield code="a">Weekly</subfield></datafield><datafield ind1="0" ind2=" " tag="362"><subfield code="a">Vol. 27, no. 21 (Sept. 8, 1921)-v. 75, no. 29 (Feb. 26, 1970).</subfield></datafield><datafield ind1=" " ind2=" " tag="500"><subfield code="a">Wilton, Iowa, also called Wilton Junction, Iowa.</subfield></datafield><datafield ind1=" " ind2=" " tag="752"><subfield code="a">United States</subfield><subfield code="b">Iowa</subfield><subfield code="c">Muscatine</subfield><subfield code="d">Wilton.</subfield></datafield><datafield ind1=" " ind2=" " tag="752"><subfield code="a">United States</subfield><subfield code="b">Iowa</subfield><subfield code="c">Muscatine</subfield><subfield code="d">Wilton Junction.</subfield></datafield><datafield ind1="0" ind2="0" tag="780"><subfield code="t">Wilton advocate and review</subfield><subfield code="w">(DLC)sn 87058227</subfield></datafield><datafield ind1="0" ind2="7" tag="785"><subfield code="t">Durant news (Durant, Iowa)</subfield><subfield code="w">(DLC)sn 88059004</subfield></datafield><datafield ind1="0" ind2="7" tag="785"><subfield code="t">S-R advocate news</subfield><subfield code="w">(DLC)sn 87058229</subfield></datafield></record>